@inproceedings{nasr2018deepcorr,
  title={Deepcorr: Strong flow correlation attacks on tor using deep learning},
  author={Nasr, Milad and Bahramali, Alireza and Houmansadr, Amir},
  booktitle={Proceedings of the 2018 ACM SIGSAC Conference on Computer and Communications Security},
  pages={1962--1976},
  year={2018}
}


@online{privacyguides,
  author = {Jonah Aragon},
  title = {Tor Overview},
  year = 2022,
  url = {https://www.privacyguides.org/advanced/tor-overview/#path-building},
  urldate = {2022-10-24}
}

